<record><leader>00000cas a22000007a 4500</leader><controlfield tag="001">12719327</controlfield><controlfield tag="008">851025d192u1942aluwr ne      0    0eng d</controlfield><datafield ind1=" " ind2=" " tag="010"><subfield code="a">sn 85045021 </subfield></datafield><datafield ind1=" " ind2=" " tag="040"><subfield code="a">CPN</subfield><subfield code="b">eng</subfield><subfield code="c">CPN</subfield><subfield code="d">OCLCQ</subfield></datafield><datafield ind1=" " ind2=" " tag="042"><subfield code="a">msc</subfield></datafield><datafield ind1="0" ind2="4" tag="245"><subfield code="a">The Rockford chronicle.</subfield></datafield><datafield ind1=" " ind2=" " tag="260"><subfield code="a">Rockford, Ala. :</subfield><subfield code="b">Cleo LeCroy</subfield></datafield><datafield ind1=" " ind2=" " tag="300"><subfield code="a">v. :</subfield><subfield code="b">ill. ;</subfield><subfield code="c">54-56 cm.</subfield></datafield><datafield ind1=" " ind2=" " tag="310"><subfield code="a">Weekly</subfield></datafield><datafield ind1="0" ind2=" " tag="362"><subfield code="a">-v. 47, no. 16 (Dec. 31, 1942).</subfield></datafield><datafield ind1=" " ind2=" " tag="515"><subfield code="a">Numbering is irregular.</subfield></datafield><datafield ind1=" " ind2=" " tag="588"><subfield code="a">Description based on: Vol. 17, no. 2 (Jan. 3, 1923).</subfield></datafield><datafield ind1=" " ind2=" " tag="752"><subfield code="a">United States</subfield><subfield code="b">Alabama</subfield><subfield code="c">Coosa</subfield><subfield code="d">Rockford.</subfield></datafield><datafield ind1="0" ind2="0" tag="780"><subfield code="t">Chronicle (Rockford, Ala.)</subfield><subfield code="w">(DLC)sn 85045020</subfield></datafield><datafield ind1="0" ind2="7" tag="785"><subfield code="t">Goodwater enterprise</subfield><subfield code="w">(DLC)sn 85045099</subfield></datafield><datafield ind1="0" ind2="7" tag="785"><subfield code="t">Enterprise-chronicle (Goodwater, Ala.)</subfield><subfield code="w">(DLC)sn 85045143</subfield></datafield><datafield ind1="1" ind2=" " tag="029"><subfield code="a">AU@</subfield><subfield code="b">000025832768</subfield></datafield></record>